@incollection{stajano2011pico,
  title={Pico: No more passwords!},
  author={Stajano, Frank},
  booktitle={Security Protocols XIX},
  pages={49--81},
  year={2011},
  publisher={Springer}
}

@incollection{stannard2012good,
  title={Am i in good company? a privacy-protecting protocol for cooperating ubiquitous computing devices},
  author={Stannard, Oliver and Stajano, Frank},
  booktitle={Security Protocols XX},
  pages={223--230},
  year={2012},
  publisher={Springer}
}

@inproceedings{stajano2000resurrecting,
  title={The resurrecting duckling},
  author={Stajano, Frank},
  booktitle={Security Protocols},
  pages={183--194},
  year={2000},
  organization={Springer}
}

@inproceedings{bonneau2012quest,
  title={The quest to replace passwords: A framework for comparative evaluation of web authentication schemes},
  author={Bonneau, Joseph and Herley, Cormac and Van Oorschot, Paul C and Stajano, Frank},
  booktitle={Security and Privacy (SP), 2012 IEEE Symposium on},
  pages={553--567},
  year={2012},
  organization={IEEE}
}

@inproceedings{wimberly2011using,
  title={Using fingerprint authentication to reduce system security: An empirical study},
  author={Wimberly, Hugh and Liebrock, Lorie M},
  booktitle={Security and Privacy (SP), 2011 IEEE Symposium on},
  pages={32--46},
  year={2011},
  organization={IEEE}
}

@inproceedings{felt2012android,
  title={Android permissions: User attention, comprehension, and behavior},
  author={Felt, Adrienne Porter and Ha, Elizabeth and Egelman, Serge and Haney, Ariel and Chin, Erika and Wagner, David},
  booktitle={Proceedings of the Eighth Symposium on Usable Privacy and Security},
  pages={3},
  year={2012},
  organization={ACM}
}

@article{clarke2005authentication,
  title={Authentication of users on mobile telephones--A survey of attitudes and practices},
  author={Clarke, Nathan L and Furnell, Steven M},
  journal={Computers \& Security},
  volume={24},
  number={7},
  pages={519--527},
  year={2005},
  publisher={Elsevier}
}

@phdthesis{williamson2006enhanced,
  title={Enhanced authentication in online banking},
  author={Williamson, Gregory D and Money--Americaâ€™s, GE},
  year={2006},
  school={Utica College}
}

@incollection{clarke2003using,
  title={Using keystroke analysis as a mechanism for subscriber authentication on mobile handsets},
  author={Clarke, Nathan L and Furnell, SM and Lines, Benn M. and Reynolds, Paul L},
  booktitle={Security and Privacy in the Age of Uncertainty},
  pages={97--108},
  year={2003},
  publisher={Springer}
}

@inproceedings{derawi2010unobtrusive,
  title={Unobtrusive user-authentication on mobile phones using biometric gait recognition},
  author={Derawi, Mohammad Omar and Nickel, Claudia and Bours, Patrick and Busch, Christoph},
  booktitle={Intelligent Information Hiding and Multimedia Signal Processing (IIH-MSP), 2010 Sixth International Conference on},
  pages={306--311},
  year={2010},
  organization={IEEE}
}

@inproceedings{vildjiounaite2007increasing,
  title={Increasing security of mobile devices by decreasing user effort in verification},
  author={Vildjiounaite, Elena and Makela, S-M and Lindholm, Mikko and Kyllonen, Vesa and Ailisto, Heikki},
  booktitle={Systems and Networks Communications, 2007. ICSNC 2007. Second International Conference on},
  pages={80--80},
  year={2007},
  organization={IEEE}
}

@inproceedings{cai2009defending,
  title={Defending against sensor-sniffing attacks on mobile phones},
  author={Cai, Liang and Machiraju, Sridhar and Chen, Hao},
  booktitle={Proceedings of the 1st ACM workshop on Networking, systems, and applications for mobile handhelds},
  pages={31--36},
  year={2009},
  organization={ACM}
}

@article{clarke2002acceptance,
  title={Acceptance of subscriber authentication methods for mobile telephony devices},
  author={Clarke, Nathan L and Furnell, Steven M and Rodwell, Phihp M and Reynolds, Paul L.},
  journal={Computers \& Security},
  volume={21},
  number={3},
  pages={220--228},
  year={2002},
  publisher={Elsevier}
}

@article{ming2007robust,
  title={Robust speaker recognition in noisy conditions},
  author={Ming, Ji and Hazen, Timothy J and Glass, James R and Reynolds, Douglas A},
  journal={Audio, Speech, and Language Processing, IEEE Transactions on},
  volume={15},
  number={5},
  pages={1711--1723},
  year={2007},
  publisher={IEEE}
}

@article{kersta2005voiceprint,
  title={Voiceprint identification},
  author={Kersta, Lawrence George},
  journal={The Journal of the Acoustical Society of America},
  volume={34},
  number={5},
  pages={725--725},
  year={2005},
  publisher={Acoustical Society of America}
}

@inproceedings{turk1991face,
  title={Face recognition using eigenfaces},
  author={Turk, Matthew A and Pentland, Alex P},
  booktitle={Computer Vision and Pattern Recognition, 1991. Proceedings CVPR'91., IEEE Computer Society Conference on},
  pages={586--591},
  year={1991},
  organization={IEEE}
}

@article{clarke2007authenticating,
  title={Authenticating mobile phone users using keystroke analysis},
  author={Clarke, Nathan L and Furnell, SM},
  journal={International Journal of Information Security},
  volume={6},
  number={1},
  pages={1--14},
  year={2007},
  publisher={Springer}
}

@article{adams1999users,
  title={Users are not the enemy},
  author={Adams, Anne and Sasse, Martina Angela},
  journal={Communications of the ACM},
  volume={42},
  number={12},
  pages={40--46},
  year={1999},
  publisher={ACM}
}

@article{Reference2,
	Abstract = {We present a review of the use of diode lasers in atomic physics with an extensive list of references. We discuss the relevant characteristics of diode lasers and explain how to purchase and use them. We also review the various techniques that have been used to control and narrow the spectral outputs of diode lasers. Finally we present a number of examples illustrating the use of diode lasers in atomic physics experiments. Review of Scientific Instruments is copyrighted by The American Institute of Physics.},
	Author = {Carl E. Wieman and Leo Hollberg},
	Journal = {Review of Scientific Instruments},
	Keywords = {Diode Laser},
	Month = {January},
	Number = {1},
	Numpages = {20},
	Pages = {1--20},
	Title = {Using Diode Lasers for Atomic Physics},
	Volume = {62},
	Url = {http://link.aip.org/link/?RSI/62/1/1},
	Year = {1991}}

